{
  "id": 719313,
  "username": "requiemm",
  "description": "",
  "about": "artist",
  "team_id": null,
  "team_role": null,
  "date_created": "2020-04-01T05:15:30.000Z",
  "date_last_played": "2025-04-18T13:24:32.000Z",
  "profile_views": 4263,
  "kill_count": 11606,
  "play_count": 5153,
  "highest_score": 5630329,
  "picture": "719313-bc2afdd5270bae271ddb101106998898d2.png",
  "displayPicture": true,
  "active": true,
  "ban_message": null,
  "ban_at": null,
  "coins": 750,
  "tier": 7,
  "xp": 640950,
  "migrated": false,
  "verified": false,
  "beta": false,
  "badges": [
    {
      "id": 1,
      "slug": "artistry-member",
      "title": "Artistry Member"
    },
    {
      "id": 7,
      "slug": "crabinet-member",
      "title": "Crabinet Member"
    }
  ],
  "social_networks": [
    {
      "id": 22023,
      "user_id": 719313,
      "platform_id": "dc",
      "platform_user_id": "_requiemm",
      "platform_user_url": null,
      "verified": false,
      "created_at": "2023-07-03T07:45:48.000Z",
      "updated_at": "2023-07-03T07:45:48.000Z"
    },
    {
      "id": 93925,
      "user_id": 719313,
      "platform_id": "rd",
      "platform_user_id": "u/den4ic_old_foxy",
      "platform_user_url": null,
      "verified": false,
      "created_at": "2024-04-18T15:55:03.000Z",
      "updated_at": "2024-04-18T15:55:03.000Z"
    }
  ],
  "user_stats": {
    "user_id": 719313,
    "rank_kc": 2092,
    "rank_kc_dirty": true,
    "rank_kc_updated_at": "2024-01-17T18:43:47.000Z",
    "rank_pc": 1261,
    "rank_pc_dirty": true,
    "rank_pc_updated_at": "2024-01-17T18:43:52.000Z",
    "rank_hs": 7706,
    "rank_hs_dirty": true,
    "rank_hs_updated_at": "2024-01-17T18:43:59.000Z",
    "created_at": "2025-04-18T13:24:32.000Z",
    "updated_at": "2025-04-18T13:24:32.000Z",
    "pd": null
  },
  "creations": {
    "maps": {
      "items": [
        {
          "id": 12533,
          "user_id": 719313,
          "cloneof_id": null,
          "string_id": "ogfhkjo",
          "title": "Untitledц",
          "description": "ц",
          "public": true,
          "locked": false,
          "clonable": false,
          "permissions": 1,
          "likes": 1,
          "objects": 768,
          "created_at": "2023-07-05T17:52:19.000Z",
          "updated_at": "2023-07-07T07:42:51.000Z",
          "deleted_at": null,
          "user": {
            "id": 719313,
            "username": "requiemm",
            "description": "",
            "about": "artist",
            "team_id": null,
            "team_role": null,
            "date_created": "2020-04-01T05:15:30.000Z",
            "date_last_played": "2025-04-18T13:24:32.000Z",
            "kill_count": 11606,
            "play_count": 5153,
            "highest_score": 5630329,
            "picture": "719313-bc2afdd5270bae271ddb101106998898d2.png",
            "displayPicture": true,
            "active": true,
            "ban_message": null,
            "ban_at": null,
            "coins": 750,
            "tier": 7,
            "xp": 640950,
            "migrated": false,
            "verified": false,
            "beta": false
          },
          "tags": [
            {
              "id": "ц"
            }
          ]
        },
        {
          "id": 11063,
          "user_id": 719313,
          "cloneof_id": null,
          "string_id": "galaxy1vs1",
          "title": "requiem's galaxy",
          "description": "my third map",
          "public": true,
          "locked": false,
          "clonable": false,
          "permissions": 1,
          "likes": 2,
          "objects": 79,
          "created_at": "2022-10-07T17:42:55.000Z",
          "updated_at": "2022-10-07T17:44:40.000Z",
          "deleted_at": null,
          "user": {
            "id": 719313,
            "username": "requiemm",
            "description": "",
            "about": "artist",
            "team_id": null,
            "team_role": null,
            "date_created": "2020-04-01T05:15:30.000Z",
            "date_last_played": "2025-04-18T13:24:32.000Z",
            "kill_count": 11606,
            "play_count": 5153,
            "highest_score": 5630329,
            "picture": "719313-bc2afdd5270bae271ddb101106998898d2.png",
            "displayPicture": true,
            "active": true,
            "ban_message": null,
            "ban_at": null,
            "coins": 750,
            "tier": 7,
            "xp": 640950,
            "migrated": false,
            "verified": false,
            "beta": false
          },
          "tags": []
        },
        {
          "id": 11050,
          "user_id": 719313,
          "cloneof_id": null,
          "string_id": "requiemmffa",
          "title": "requiemmffa",
          "description": "This is my second map, :)",
          "public": true,
          "locked": false,
          "clonable": false,
          "permissions": 1,
          "likes": 5,
          "objects": 1706,
          "created_at": "2022-10-06T07:05:16.000Z",
          "updated_at": "2023-07-05T16:11:51.000Z",
          "deleted_at": null,
          "user": {
            "id": 719313,
            "username": "requiemm",
            "description": "",
            "about": "artist",
            "team_id": null,
            "team_role": null,
            "date_created": "2020-04-01T05:15:30.000Z",
            "date_last_played": "2025-04-18T13:24:32.000Z",
            "kill_count": 11606,
            "play_count": 5153,
            "highest_score": 5630329,
            "picture": "719313-bc2afdd5270bae271ddb101106998898d2.png",
            "displayPicture": true,
            "active": true,
            "ban_message": null,
            "ban_at": null,
            "coins": 750,
            "tier": 7,
            "xp": 640950,
            "migrated": false,
            "verified": false,
            "beta": false
          },
          "tags": []
        },
        {
          "id": 11044,
          "user_id": 719313,
          "cloneof_id": null,
          "string_id": "requiemmap",
          "title": "requiemm 1 vs 1",
          "description": "This is my first map, :)",
          "public": true,
          "locked": false,
          "clonable": false,
          "permissions": 1,
          "likes": 4,
          "objects": 38,
          "created_at": "2022-10-05T16:24:47.000Z",
          "updated_at": "2023-07-07T04:57:22.000Z",
          "deleted_at": null,
          "user": {
            "id": 719313,
            "username": "requiemm",
            "description": "",
            "about": "artist",
            "team_id": null,
            "team_role": null,
            "date_created": "2020-04-01T05:15:30.000Z",
            "date_last_played": "2025-04-18T13:24:32.000Z",
            "kill_count": 11606,
            "play_count": 5153,
            "highest_score": 5630329,
            "picture": "719313-bc2afdd5270bae271ddb101106998898d2.png",
            "displayPicture": true,
            "active": true,
            "ban_message": null,
            "ban_at": null,
            "coins": 750,
            "tier": 7,
            "xp": 640950,
            "migrated": false,
            "verified": false,
            "beta": false
          },
          "tags": []
        }
      ],
      "count": 4
    },
    "skins": [
      {
        "id": 8918,
        "version": 4,
        "asset": "8918-4.png",
        "created_at": "2022-12-23T15:34:09.000Z",
        "updated_at": "2022-12-29T04:10:04.000Z",
        "deleted_at": null,
        "depends_id": null,
        "designer_id": null,
        "fish_level": 5,
        "name": "ray-ndeer",
        "description": "this is reskin \n:)\n",
        "reddit_link": "https://www.reddit.com/r/deeeepioskins/comments/qlnlbf/ray_deer_ray_5c/?utm_source=share&utm_medium=web2x&context=3",
        "category": "season",
        "season": "christmas",
        "on_sale": true,
        "price": 0,
        "sales": 5287,
        "usable": true,
        "reviewed": true,
        "approved": true,
        "rejected": false,
        "user_id": 719313,
        "attributes": null,
        "beta": false,
        "upcoming": false,
        "user": {
          "id": 719313,
          "username": "requiemm",
          "description": "",
          "about": "artist",
          "team_id": null,
          "team_role": null,
          "date_created": "2020-04-01T05:15:30.000Z",
          "date_last_played": "2025-04-18T13:24:32.000Z",
          "kill_count": 11606,
          "play_count": 5153,
          "highest_score": 5630329,
          "picture": "719313-bc2afdd5270bae271ddb101106998898d2.png",
          "displayPicture": true,
          "active": true,
          "ban_message": null,
          "ban_at": null,
          "coins": 750,
          "tier": 7,
          "xp": 640950,
          "migrated": false,
          "verified": false,
          "beta": false
        }
      },
      {
        "id": 8962,
        "version": 2,
        "asset": "8962-2.png",
        "created_at": "2021-11-05T13:13:07.000Z",
        "updated_at": "2022-12-29T04:10:03.000Z",
        "deleted_at": null,
        "depends_id": null,
        "designer_id": null,
        "fish_level": 53,
        "name": "christmas seal",
        "description": "хорошо одетый тюлень, он точно не заболеет",
        "reddit_link": "https://www.reddit.com/r/deeeepioskins/comments/qn8det/seal_christmas_seal_0c/?utm_source=share&utm_medium=web2x&context=3",
        "category": "season",
        "season": "christmas",
        "on_sale": true,
        "price": 0,
        "sales": 5000,
        "usable": true,
        "reviewed": true,
        "approved": true,
        "rejected": false,
        "user_id": 719313,
        "attributes": null,
        "beta": false,
        "upcoming": false,
        "user": {
          "id": 719313,
          "username": "requiemm",
          "description": "",
          "about": "artist",
          "team_id": null,
          "team_role": null,
          "date_created": "2020-04-01T05:15:30.000Z",
          "date_last_played": "2025-04-18T13:24:32.000Z",
          "kill_count": 11606,
          "play_count": 5153,
          "highest_score": 5630329,
          "picture": "719313-bc2afdd5270bae271ddb101106998898d2.png",
          "displayPicture": true,
          "active": true,
          "ban_message": null,
          "ban_at": null,
          "coins": 750,
          "tier": 7,
          "xp": 640950,
          "migrated": false,
          "verified": false,
          "beta": false
        }
      },
      {
        "id": 9150,
        "version": 1,
        "asset": "9150-1.png",
        "created_at": "2021-11-21T09:10:01.000Z",
        "updated_at": "2022-01-30T05:19:58.000Z",
        "deleted_at": null,
        "depends_id": null,
        "designer_id": null,
        "fish_level": 21,
        "name": "chinese lantern octopus",
        "description": "The Chinese lantern is a flying luminous paper structure stretched over a light wooden frame. It works like a balloon and is popular in eastern countries.",
        "reddit_link": "https://www.reddit.com/r/deeeepioskins/comments/qyr6zc/octopus_chinese_lantern_0c/?utm_source=share&utm_medium=web2x&context=3",
        "category": "season",
        "season": "lunar",
        "on_sale": true,
        "price": 0,
        "sales": 7563,
        "usable": true,
        "reviewed": true,
        "approved": true,
        "rejected": false,
        "user_id": 719313,
        "attributes": null,
        "beta": false,
        "upcoming": false,
        "user": {
          "id": 719313,
          "username": "requiemm",
          "description": "",
          "about": "artist",
          "team_id": null,
          "team_role": null,
          "date_created": "2020-04-01T05:15:30.000Z",
          "date_last_played": "2025-04-18T13:24:32.000Z",
          "kill_count": 11606,
          "play_count": 5153,
          "highest_score": 5630329,
          "picture": "719313-bc2afdd5270bae271ddb101106998898d2.png",
          "displayPicture": true,
          "active": true,
          "ban_message": null,
          "ban_at": null,
          "coins": 750,
          "tier": 7,
          "xp": 640950,
          "migrated": false,
          "verified": false,
          "beta": false
        }
      },
      {
        "id": 9168,
        "version": 2,
        "asset": "9168-2.png",
        "created_at": "2022-12-31T03:38:42.000Z",
        "updated_at": "2023-01-27T20:10:04.000Z",
        "deleted_at": null,
        "depends_id": null,
        "designer_id": null,
        "fish_level": 66,
        "name": "Chinese Dragonshark",
        "description": null,
        "reddit_link": "https://www.reddit.com/r/deeeepioskins/comments/r06mko/tiger_shark_chinese_dragon_tiger_shark_0c/?utm_source=share&utm_medium=web2x&context=3",
        "category": "season",
        "season": "lunar",
        "on_sale": true,
        "price": 0,
        "sales": 3603,
        "usable": true,
        "reviewed": true,
        "approved": true,
        "rejected": false,
        "user_id": 719313,
        "attributes": null,
        "beta": false,
        "upcoming": false,
        "user": {
          "id": 719313,
          "username": "requiemm",
          "description": "",
          "about": "artist",
          "team_id": null,
          "team_role": null,
          "date_created": "2020-04-01T05:15:30.000Z",
          "date_last_played": "2025-04-18T13:24:32.000Z",
          "kill_count": 11606,
          "play_count": 5153,
          "highest_score": 5630329,
          "picture": "719313-bc2afdd5270bae271ddb101106998898d2.png",
          "displayPicture": true,
          "active": true,
          "ban_message": null,
          "ban_at": null,
          "coins": 750,
          "tier": 7,
          "xp": 640950,
          "migrated": false,
          "verified": false,
          "beta": false
        }
      },
      {
        "id": 9271,
        "version": 1,
        "asset": "9271-1.png",
        "created_at": "2021-12-04T07:21:41.000Z",
        "updated_at": "2022-12-29T04:10:03.000Z",
        "deleted_at": null,
        "depends_id": null,
        "designer_id": null,
        "fish_level": 7,
        "name": "pingfin elf",
        "description": null,
        "reddit_link": "https://www.reddit.com/r/deeeepioskins/comments/r8k9fa/penguin_penguin_elf_0c/?utm_source=share&utm_medium=web2x&context=3",
        "category": "season",
        "season": "christmas",
        "on_sale": true,
        "price": 0,
        "sales": 4361,
        "usable": true,
        "reviewed": true,
        "approved": true,
        "rejected": false,
        "user_id": 719313,
        "attributes": null,
        "beta": false,
        "upcoming": false,
        "user": {
          "id": 719313,
          "username": "requiemm",
          "description": "",
          "about": "artist",
          "team_id": null,
          "team_role": null,
          "date_created": "2020-04-01T05:15:30.000Z",
          "date_last_played": "2025-04-18T13:24:32.000Z",
          "kill_count": 11606,
          "play_count": 5153,
          "highest_score": 5630329,
          "picture": "719313-bc2afdd5270bae271ddb101106998898d2.png",
          "displayPicture": true,
          "active": true,
          "ban_message": null,
          "ban_at": null,
          "coins": 750,
          "tier": 7,
          "xp": 640950,
          "migrated": false,
          "verified": false,
          "beta": false
        }
      },
      {
        "id": 9306,
        "version": 3,
        "asset": "9306-3.png",
        "created_at": "2022-09-11T10:29:01.000Z",
        "updated_at": "2024-11-12T19:10:09.000Z",
        "deleted_at": null,
        "depends_id": null,
        "designer_id": null,
        "fish_level": 100,
        "name": "Raphael Turtle",
        "description": "sorry for re-uploading this skin, I changed the name",
        "reddit_link": "https://www.reddit.com/r/deeeepioskins/comments/rauosd/leatherback_turtle_raphael_leatherback_turtle_0c/?utm_source=share&utm_medium=web2x&context=3",
        "category": "season",
        "season": "hallooween",
        "on_sale": true,
        "price": 0,
        "sales": 1867,
        "usable": true,
        "reviewed": true,
        "approved": true,
        "rejected": false,
        "user_id": 719313,
        "attributes": null,
        "beta": false,
        "upcoming": false,
        "user": {
          "id": 719313,
          "username": "requiemm",
          "description": "",
          "about": "artist",
          "team_id": null,
          "team_role": null,
          "date_created": "2020-04-01T05:15:30.000Z",
          "date_last_played": "2025-04-18T13:24:32.000Z",
          "kill_count": 11606,
          "play_count": 5153,
          "highest_score": 5630329,
          "picture": "719313-bc2afdd5270bae271ddb101106998898d2.png",
          "displayPicture": true,
          "active": true,
          "ban_message": null,
          "ban_at": null,
          "coins": 750,
          "tier": 7,
          "xp": 640950,
          "migrated": false,
          "verified": false,
          "beta": false
        }
      },
      {
        "id": 10099,
        "version": 3,
        "asset": "10099-3.png",
        "created_at": "2022-01-28T06:41:00.000Z",
        "updated_at": "2022-01-30T05:20:02.000Z",
        "deleted_at": null,
        "depends_id": null,
        "designer_id": null,
        "fish_level": 96,
        "name": "Barracuda of Happiness",
        "description": null,
        "reddit_link": "https://www.reddit.com/r/deeeepioskins/comments/s5ykb0/baraccuda_baraccuda_hapinness_0c/?utm_source=share&utm_medium=web2x&context=3",
        "category": "season",
        "season": "lunar",
        "on_sale": true,
        "price": 0,
        "sales": 7679,
        "usable": true,
        "reviewed": true,
        "approved": true,
        "rejected": false,
        "user_id": 719313,
        "attributes": null,
        "beta": false,
        "upcoming": false,
        "user": {
          "id": 719313,
          "username": "requiemm",
          "description": "",
          "about": "artist",
          "team_id": null,
          "team_role": null,
          "date_created": "2020-04-01T05:15:30.000Z",
          "date_last_played": "2025-04-18T13:24:32.000Z",
          "kill_count": 11606,
          "play_count": 5153,
          "highest_score": 5630329,
          "picture": "719313-bc2afdd5270bae271ddb101106998898d2.png",
          "displayPicture": true,
          "active": true,
          "ban_message": null,
          "ban_at": null,
          "coins": 750,
          "tier": 7,
          "xp": 640950,
          "migrated": false,
          "verified": false,
          "beta": false
        }
      },
      {
        "id": 10178,
        "version": 1,
        "asset": "10178-1.png",
        "created_at": "2022-01-22T05:47:01.000Z",
        "updated_at": "2024-01-25T13:21:57.000Z",
        "deleted_at": null,
        "depends_id": null,
        "designer_id": null,
        "fish_level": 63,
        "name": "phoenix",
        "description": null,
        "reddit_link": "https://www.reddit.com/r/deeeepioskins/comments/s9vevu/little_auk_phoenix_0c/?utm_source=share&utm_medium=web2x&context=3",
        "category": "season",
        "season": "lunar",
        "on_sale": true,
        "price": 0,
        "sales": 1518,
        "usable": true,
        "reviewed": true,
        "approved": true,
        "rejected": false,
        "user_id": 719313,
        "attributes": null,
        "beta": false,
        "upcoming": false,
        "user": {
          "id": 719313,
          "username": "requiemm",
          "description": "",
          "about": "artist",
          "team_id": null,
          "team_role": null,
          "date_created": "2020-04-01T05:15:30.000Z",
          "date_last_played": "2025-04-18T13:24:32.000Z",
          "kill_count": 11606,
          "play_count": 5153,
          "highest_score": 5630329,
          "picture": "719313-bc2afdd5270bae271ddb101106998898d2.png",
          "displayPicture": true,
          "active": true,
          "ban_message": null,
          "ban_at": null,
          "coins": 750,
          "tier": 7,
          "xp": 640950,
          "migrated": false,
          "verified": false,
          "beta": false
        }
      },
      {
        "id": 10312,
        "version": 1,
        "asset": "10312-1.png",
        "created_at": "2022-01-31T06:53:44.000Z",
        "updated_at": "2022-02-13T22:59:06.000Z",
        "deleted_at": null,
        "depends_id": null,
        "designer_id": null,
        "fish_level": 42,
        "name": "White Dove Of Love",
        "description": null,
        "reddit_link": "https://www.reddit.com/r/deeeepioskins/comments/sgutw5/bald_eagle_white_dove_of_love_0c/?utm_source=share&utm_medium=web2x&context=3",
        "category": "season",
        "season": "valentines",
        "on_sale": true,
        "price": 0,
        "sales": 7566,
        "usable": true,
        "reviewed": true,
        "approved": true,
        "rejected": false,
        "user_id": 719313,
        "attributes": null,
        "beta": false,
        "upcoming": false,
        "user": {
          "id": 719313,
          "username": "requiemm",
          "description": "",
          "about": "artist",
          "team_id": null,
          "team_role": null,
          "date_created": "2020-04-01T05:15:30.000Z",
          "date_last_played": "2025-04-18T13:24:32.000Z",
          "kill_count": 11606,
          "play_count": 5153,
          "highest_score": 5630329,
          "picture": "719313-bc2afdd5270bae271ddb101106998898d2.png",
          "displayPicture": true,
          "active": true,
          "ban_message": null,
          "ban_at": null,
          "coins": 750,
          "tier": 7,
          "xp": 640950,
          "migrated": false,
          "verified": false,
          "beta": false
        }
      },
      {
        "id": 10341,
        "version": 7,
        "asset": "10341-7.png",
        "created_at": "2022-02-02T08:14:38.000Z",
        "updated_at": "2022-02-13T22:59:07.000Z",
        "deleted_at": null,
        "depends_id": null,
        "designer_id": null,
        "fish_level": 76,
        "name": "Bat Cupid",
        "description": null,
        "reddit_link": "https://www.reddit.com/r/deeeepioskins/comments/sii7zm/bat_bat_cupid_0c/?utm_source=share&utm_medium=web2x&context=3",
        "category": "season",
        "season": "valentines",
        "on_sale": true,
        "price": 0,
        "sales": 4684,
        "usable": true,
        "reviewed": true,
        "approved": true,
        "rejected": false,
        "user_id": 719313,
        "attributes": null,
        "beta": false,
        "upcoming": false,
        "user": {
          "id": 719313,
          "username": "requiemm",
          "description": "",
          "about": "artist",
          "team_id": null,
          "team_role": null,
          "date_created": "2020-04-01T05:15:30.000Z",
          "date_last_played": "2025-04-18T13:24:32.000Z",
          "kill_count": 11606,
          "play_count": 5153,
          "highest_score": 5630329,
          "picture": "719313-bc2afdd5270bae271ddb101106998898d2.png",
          "displayPicture": true,
          "active": true,
          "ban_message": null,
          "ban_at": null,
          "coins": 750,
          "tier": 7,
          "xp": 640950,
          "migrated": false,
          "verified": false,
          "beta": false
        }
      },
      {
        "id": 10367,
        "version": 1,
        "asset": "10367-1.png",
        "created_at": "2022-02-04T08:17:59.000Z",
        "updated_at": "2022-02-13T22:59:07.000Z",
        "deleted_at": null,
        "depends_id": null,
        "designer_id": null,
        "fish_level": 75,
        "name": "Love Searcher Axolotl",
        "description": "idea by @luilui98",
        "reddit_link": "https://www.reddit.com/r/deeeepioskins/comments/sk82pq/axolotl_love_searcher_axolotl_0c/?utm_source=share&utm_medium=web2x&context=3",
        "category": "season",
        "season": "valentines",
        "on_sale": true,
        "price": 0,
        "sales": 4577,
        "usable": true,
        "reviewed": true,
        "approved": true,
        "rejected": false,
        "user_id": 719313,
        "attributes": null,
        "beta": false,
        "upcoming": false,
        "user": {
          "id": 719313,
          "username": "requiemm",
          "description": "",
          "about": "artist",
          "team_id": null,
          "team_role": null,
          "date_created": "2020-04-01T05:15:30.000Z",
          "date_last_played": "2025-04-18T13:24:32.000Z",
          "kill_count": 11606,
          "play_count": 5153,
          "highest_score": 5630329,
          "picture": "719313-bc2afdd5270bae271ddb101106998898d2.png",
          "displayPicture": true,
          "active": true,
          "ban_message": null,
          "ban_at": null,
          "coins": 750,
          "tier": 7,
          "xp": 640950,
          "migrated": false,
          "verified": false,
          "beta": false
        }
      },
      {
        "id": 10378,
        "version": 1,
        "asset": "10378-1.png",
        "created_at": "2022-02-05T05:46:45.000Z",
        "updated_at": "2022-02-13T22:59:07.000Z",
        "deleted_at": null,
        "depends_id": null,
        "designer_id": null,
        "fish_level": 12,
        "name": "Whale Love",
        "description": null,
        "reddit_link": "https://www.reddit.com/r/deeeepioskins/comments/skzhm1/whale_whale_love_0c/?utm_source=share&utm_medium=web2x&context=3",
        "category": "season",
        "season": "valentines",
        "on_sale": true,
        "price": 0,
        "sales": 7667,
        "usable": true,
        "reviewed": true,
        "approved": true,
        "rejected": false,
        "user_id": 719313,
        "attributes": null,
        "beta": false,
        "upcoming": false,
        "user": {
          "id": 719313,
          "username": "requiemm",
          "description": "",
          "about": "artist",
          "team_id": null,
          "team_role": null,
          "date_created": "2020-04-01T05:15:30.000Z",
          "date_last_played": "2025-04-18T13:24:32.000Z",
          "kill_count": 11606,
          "play_count": 5153,
          "highest_score": 5630329,
          "picture": "719313-bc2afdd5270bae271ddb101106998898d2.png",
          "displayPicture": true,
          "active": true,
          "ban_message": null,
          "ban_at": null,
          "coins": 750,
          "tier": 7,
          "xp": 640950,
          "migrated": false,
          "verified": false,
          "beta": false
        }
      },
      {
        "id": 10382,
        "version": 1,
        "asset": "10382-1.png",
        "created_at": "2022-02-05T14:15:21.000Z",
        "updated_at": "2022-02-13T22:59:07.000Z",
        "deleted_at": null,
        "depends_id": null,
        "designer_id": null,
        "fish_level": 43,
        "name": "Chocolate Lion Fish",
        "description": null,
        "reddit_link": "https://www.reddit.com/r/deeeepioskins/comments/sl7vbs/lion_fish_chocolate_lion_fish_0c/?utm_source=share&utm_medium=web2x&context=3",
        "category": "season",
        "season": "valentines",
        "on_sale": true,
        "price": 0,
        "sales": 4286,
        "usable": true,
        "reviewed": true,
        "approved": true,
        "rejected": false,
        "user_id": 719313,
        "attributes": null,
        "beta": false,
        "upcoming": false,
        "user": {
          "id": 719313,
          "username": "requiemm",
          "description": "",
          "about": "artist",
          "team_id": null,
          "team_role": null,
          "date_created": "2020-04-01T05:15:30.000Z",
          "date_last_played": "2025-04-18T13:24:32.000Z",
          "kill_count": 11606,
          "play_count": 5153,
          "highest_score": 5630329,
          "picture": "719313-bc2afdd5270bae271ddb101106998898d2.png",
          "displayPicture": true,
          "active": true,
          "ban_message": null,
          "ban_at": null,
          "coins": 750,
          "tier": 7,
          "xp": 640950,
          "migrated": false,
          "verified": false,
          "beta": false
        }
      },
      {
        "id": 10559,
        "version": 5,
        "asset": "10559-5.png",
        "created_at": "2023-06-30T04:26:50.000Z",
        "updated_at": "2023-12-17T16:10:05.000Z",
        "deleted_at": null,
        "depends_id": null,
        "designer_id": null,
        "fish_level": 13,
        "name": "Orange Fireworm",
        "description": "reskin :)",
        "reddit_link": "https://www.reddit.com/r/deeeepioskins/comments/su183j/worm_orange_fireworm_10c/?utm_source=share&utm_medium=web2x&context=3",
        "category": "real",
        "season": null,
        "on_sale": true,
        "price": 10,
        "sales": 811,
        "usable": true,
        "reviewed": true,
        "approved": true,
        "rejected": false,
        "user_id": 719313,
        "attributes": null,
        "beta": false,
        "upcoming": false,
        "user": {
          "id": 719313,
          "username": "requiemm",
          "description": "",
          "about": "artist",
          "team_id": null,
          "team_role": null,
          "date_created": "2020-04-01T05:15:30.000Z",
          "date_last_played": "2025-04-18T13:24:32.000Z",
          "kill_count": 11606,
          "play_count": 5153,
          "highest_score": 5630329,
          "picture": "719313-bc2afdd5270bae271ddb101106998898d2.png",
          "displayPicture": true,
          "active": true,
          "ban_message": null,
          "ban_at": null,
          "coins": 750,
          "tier": 7,
          "xp": 640950,
          "migrated": false,
          "verified": false,
          "beta": false
        }
      },
      {
        "id": 10638,
        "version": 1,
        "asset": "10638-1.png",
        "created_at": "2022-02-23T08:00:46.000Z",
        "updated_at": "2024-04-03T23:10:04.000Z",
        "deleted_at": null,
        "depends_id": null,
        "designer_id": null,
        "fish_level": 97,
        "name": "Easter Сake",
        "description": null,
        "reddit_link": "https://www.reddit.com/r/deeeepioskins/comments/szbzvz/frogfish_easter_cake_0c/?utm_source=share&utm_medium=web2x&context=3https://www.reddit.com/r/deeeepioskins/comments/szbzvz/frogfish_easter_cake_0c/?utm_source=share&utm_medium=web2x&context=3",
        "category": "season",
        "season": "easter",
        "on_sale": true,
        "price": 0,
        "sales": 1877,
        "usable": true,
        "reviewed": true,
        "approved": true,
        "rejected": false,
        "user_id": 719313,
        "attributes": null,
        "beta": false,
        "upcoming": false,
        "user": {
          "id": 719313,
          "username": "requiemm",
          "description": "",
          "about": "artist",
          "team_id": null,
          "team_role": null,
          "date_created": "2020-04-01T05:15:30.000Z",
          "date_last_played": "2025-04-18T13:24:32.000Z",
          "kill_count": 11606,
          "play_count": 5153,
          "highest_score": 5630329,
          "picture": "719313-bc2afdd5270bae271ddb101106998898d2.png",
          "displayPicture": true,
          "active": true,
          "ban_message": null,
          "ban_at": null,
          "coins": 750,
          "tier": 7,
          "xp": 640950,
          "migrated": false,
          "verified": false,
          "beta": false
        }
      },
      {
        "id": 10714,
        "version": 3,
        "asset": "10714-3.png",
        "created_at": "2022-09-24T04:47:21.000Z",
        "updated_at": "2022-10-06T16:10:02.000Z",
        "deleted_at": null,
        "depends_id": null,
        "designer_id": null,
        "fish_level": 49,
        "name": "Yellow-Lipped Gulper Eel",
        "description": "yellow-lipped eel reskin",
        "reddit_link": "https://www.reddit.com/r/deeeepioskins/comments/t3ipmn/gulper_eel_yellowlipped_gulper_eel_75c/?utm_source=share&utm_medium=web2x&context=3",
        "category": "real",
        "season": null,
        "on_sale": true,
        "price": 75,
        "sales": 772,
        "usable": true,
        "reviewed": true,
        "approved": true,
        "rejected": false,
        "user_id": 719313,
        "attributes": null,
        "beta": false,
        "upcoming": false,
        "user": {
          "id": 719313,
          "username": "requiemm",
          "description": "",
          "about": "artist",
          "team_id": null,
          "team_role": null,
          "date_created": "2020-04-01T05:15:30.000Z",
          "date_last_played": "2025-04-18T13:24:32.000Z",
          "kill_count": 11606,
          "play_count": 5153,
          "highest_score": 5630329,
          "picture": "719313-bc2afdd5270bae271ddb101106998898d2.png",
          "displayPicture": true,
          "active": true,
          "ban_message": null,
          "ban_at": null,
          "coins": 750,
          "tier": 7,
          "xp": 640950,
          "migrated": false,
          "verified": false,
          "beta": false
        }
      },
      {
        "id": 11862,
        "version": 1,
        "asset": "11862-1.png",
        "created_at": "2022-07-01T06:11:55.000Z",
        "updated_at": "2022-08-08T05:01:29.000Z",
        "deleted_at": null,
        "depends_id": null,
        "designer_id": null,
        "fish_level": 111,
        "name": "Galactic Halibut",
        "description": null,
        "reddit_link": "https://www.reddit.com/r/deeeepioskins/comments/votpi7/halibut_galactic_halibut_150c/?utm_source=share&utm_medium=web2x&context=3",
        "category": "unrealistic",
        "season": null,
        "on_sale": true,
        "price": 150,
        "sales": 203,
        "usable": true,
        "reviewed": true,
        "approved": true,
        "rejected": false,
        "user_id": 719313,
        "attributes": null,
        "beta": false,
        "upcoming": false,
        "user": {
          "id": 719313,
          "username": "requiemm",
          "description": "",
          "about": "artist",
          "team_id": null,
          "team_role": null,
          "date_created": "2020-04-01T05:15:30.000Z",
          "date_last_played": "2025-04-18T13:24:32.000Z",
          "kill_count": 11606,
          "play_count": 5153,
          "highest_score": 5630329,
          "picture": "719313-bc2afdd5270bae271ddb101106998898d2.png",
          "displayPicture": true,
          "active": true,
          "ban_message": null,
          "ban_at": null,
          "coins": 750,
          "tier": 7,
          "xp": 640950,
          "migrated": false,
          "verified": false,
          "beta": false
        }
      },
      {
        "id": 11864,
        "version": 1,
        "asset": "11864-1.png",
        "created_at": "2022-07-01T08:49:27.000Z",
        "updated_at": "2022-08-08T05:01:29.000Z",
        "deleted_at": null,
        "depends_id": null,
        "designer_id": null,
        "fish_level": 113,
        "name": "Alien Crab",
        "description": "crbab",
        "reddit_link": "https://www.reddit.com/r/deeeepioskins/comments/vow32w/japanise_spider_crab_alien_crab_125c/?utm_source=share&utm_medium=web2x&context=3",
        "category": "unrealistic",
        "season": null,
        "on_sale": true,
        "price": 125,
        "sales": 87,
        "usable": true,
        "reviewed": true,
        "approved": true,
        "rejected": false,
        "user_id": 719313,
        "attributes": null,
        "beta": false,
        "upcoming": false,
        "user": {
          "id": 719313,
          "username": "requiemm",
          "description": "",
          "about": "artist",
          "team_id": null,
          "team_role": null,
          "date_created": "2020-04-01T05:15:30.000Z",
          "date_last_played": "2025-04-18T13:24:32.000Z",
          "kill_count": 11606,
          "play_count": 5153,
          "highest_score": 5630329,
          "picture": "719313-bc2afdd5270bae271ddb101106998898d2.png",
          "displayPicture": true,
          "active": true,
          "ban_message": null,
          "ban_at": null,
          "coins": 750,
          "tier": 7,
          "xp": 640950,
          "migrated": false,
          "verified": false,
          "beta": false
        }
      },
      {
        "id": 11916,
        "version": 1,
        "asset": "11916-1.png",
        "created_at": "2022-07-04T04:04:16.000Z",
        "updated_at": "2023-12-17T16:10:04.000Z",
        "deleted_at": null,
        "depends_id": null,
        "designer_id": null,
        "fish_level": 108,
        "name": "Black Hole Megamouth Shark",
        "description": null,
        "reddit_link": "https://www.reddit.com/r/deeeepioskins/comments/vqygy8/megamouth_shark_black_hole_megamouth_shark_100c/?utm_source=share&utm_medium=web2x&context=3",
        "category": "unrealistic",
        "season": null,
        "on_sale": true,
        "price": 100,
        "sales": 45,
        "usable": true,
        "reviewed": true,
        "approved": true,
        "rejected": false,
        "user_id": 719313,
        "attributes": null,
        "beta": false,
        "upcoming": false,
        "user": {
          "id": 719313,
          "username": "requiemm",
          "description": "",
          "about": "artist",
          "team_id": null,
          "team_role": null,
          "date_created": "2020-04-01T05:15:30.000Z",
          "date_last_played": "2025-04-18T13:24:32.000Z",
          "kill_count": 11606,
          "play_count": 5153,
          "highest_score": 5630329,
          "picture": "719313-bc2afdd5270bae271ddb101106998898d2.png",
          "displayPicture": true,
          "active": true,
          "ban_message": null,
          "ban_at": null,
          "coins": 750,
          "tier": 7,
          "xp": 640950,
          "migrated": false,
          "verified": false,
          "beta": false
        }
      },
      {
        "id": 11940,
        "version": 1,
        "asset": "11940-1.png",
        "created_at": "2022-07-05T14:04:45.000Z",
        "updated_at": "2022-08-08T05:01:30.000Z",
        "deleted_at": null,
        "depends_id": null,
        "designer_id": null,
        "fish_level": 41,
        "name": "King Viper",
        "description": null,
        "reddit_link": "https://www.reddit.com/r/deeeepioskins/comments/vryjvy/mythic_calab_with_uden4ic_old_foxy/?utm_source=share&utm_medium=web2x&context=3",
        "category": "unrealistic",
        "season": null,
        "on_sale": true,
        "price": 45,
        "sales": 129,
        "usable": true,
        "reviewed": true,
        "approved": true,
        "rejected": false,
        "user_id": 719313,
        "attributes": null,
        "beta": false,
        "upcoming": false,
        "user": {
          "id": 719313,
          "username": "requiemm",
          "description": "",
          "about": "artist",
          "team_id": null,
          "team_role": null,
          "date_created": "2020-04-01T05:15:30.000Z",
          "date_last_played": "2025-04-18T13:24:32.000Z",
          "kill_count": 11606,
          "play_count": 5153,
          "highest_score": 5630329,
          "picture": "719313-bc2afdd5270bae271ddb101106998898d2.png",
          "displayPicture": true,
          "active": true,
          "ban_message": null,
          "ban_at": null,
          "coins": 750,
          "tier": 7,
          "xp": 640950,
          "migrated": false,
          "verified": false,
          "beta": false
        }
      },
      {
        "id": 11942,
        "version": 1,
        "asset": "11942-1.png",
        "created_at": "2022-07-05T14:07:15.000Z",
        "updated_at": "2022-08-08T05:01:30.000Z",
        "deleted_at": null,
        "depends_id": null,
        "designer_id": null,
        "fish_level": 106,
        "name": "Giant Mine Octopus",
        "description": null,
        "reddit_link": "https://www.reddit.com/r/deeeepioskins/comments/vryjvy/mythic_calab_with_uden4ic_old_foxy/?utm_source=share&utm_medium=web2x&context=3",
        "category": "unrealistic",
        "season": null,
        "on_sale": true,
        "price": 80,
        "sales": 225,
        "usable": true,
        "reviewed": true,
        "approved": true,
        "rejected": false,
        "user_id": 719313,
        "attributes": null,
        "beta": false,
        "upcoming": false,
        "user": {
          "id": 719313,
          "username": "requiemm",
          "description": "",
          "about": "artist",
          "team_id": null,
          "team_role": null,
          "date_created": "2020-04-01T05:15:30.000Z",
          "date_last_played": "2025-04-18T13:24:32.000Z",
          "kill_count": 11606,
          "play_count": 5153,
          "highest_score": 5630329,
          "picture": "719313-bc2afdd5270bae271ddb101106998898d2.png",
          "displayPicture": true,
          "active": true,
          "ban_message": null,
          "ban_at": null,
          "coins": 750,
          "tier": 7,
          "xp": 640950,
          "migrated": false,
          "verified": false,
          "beta": false
        }
      },
      {
        "id": 11944,
        "version": 1,
        "asset": "11944-1.png",
        "created_at": "2022-07-05T14:08:28.000Z",
        "updated_at": "2022-08-08T05:01:30.000Z",
        "deleted_at": null,
        "depends_id": null,
        "designer_id": null,
        "fish_level": 70,
        "name": "Steampunk Mahi",
        "description": null,
        "reddit_link": "https://www.reddit.com/r/deeeepioskins/comments/vryjvy/mythic_calab_with_uden4ic_old_foxy/?utm_source=share&utm_medium=web2x&context=3",
        "category": "unrealistic",
        "season": null,
        "on_sale": true,
        "price": 50,
        "sales": 104,
        "usable": true,
        "reviewed": true,
        "approved": true,
        "rejected": false,
        "user_id": 719313,
        "attributes": null,
        "beta": false,
        "upcoming": false,
        "user": {
          "id": 719313,
          "username": "requiemm",
          "description": "",
          "about": "artist",
          "team_id": null,
          "team_role": null,
          "date_created": "2020-04-01T05:15:30.000Z",
          "date_last_played": "2025-04-18T13:24:32.000Z",
          "kill_count": 11606,
          "play_count": 5153,
          "highest_score": 5630329,
          "picture": "719313-bc2afdd5270bae271ddb101106998898d2.png",
          "displayPicture": true,
          "active": true,
          "ban_message": null,
          "ban_at": null,
          "coins": 750,
          "tier": 7,
          "xp": 640950,
          "migrated": false,
          "verified": false,
          "beta": false
        }
      },
      {
        "id": 12707,
        "version": 1,
        "asset": "12707-1.png",
        "created_at": "2022-09-12T03:08:48.000Z",
        "updated_at": "2022-10-30T19:10:02.000Z",
        "deleted_at": null,
        "depends_id": null,
        "designer_id": null,
        "fish_level": 119,
        "name": "Necromancer Coelacanth",
        "description": null,
        "reddit_link": "https://www.reddit.com/r/deeeepioskins/comments/xc1p1j/coelacanth_necromancer_coelacanth_0c/?utm_source=share&utm_medium=web2x&context=3",
        "category": "season",
        "season": "hallooween",
        "on_sale": true,
        "price": 0,
        "sales": 8476,
        "usable": true,
        "reviewed": true,
        "approved": true,
        "rejected": false,
        "user_id": 719313,
        "attributes": null,
        "beta": false,
        "upcoming": false,
        "user": {
          "id": 719313,
          "username": "requiemm",
          "description": "",
          "about": "artist",
          "team_id": null,
          "team_role": null,
          "date_created": "2020-04-01T05:15:30.000Z",
          "date_last_played": "2025-04-18T13:24:32.000Z",
          "kill_count": 11606,
          "play_count": 5153,
          "highest_score": 5630329,
          "picture": "719313-bc2afdd5270bae271ddb101106998898d2.png",
          "displayPicture": true,
          "active": true,
          "ban_message": null,
          "ban_at": null,
          "coins": 750,
          "tier": 7,
          "xp": 640950,
          "migrated": false,
          "verified": false,
          "beta": false
        }
      },
      {
        "id": 12708,
        "version": 1,
        "asset": "12708-1.png",
        "created_at": "2022-09-12T14:42:12.000Z",
        "updated_at": "2022-10-30T19:10:02.000Z",
        "deleted_at": null,
        "depends_id": null,
        "designer_id": null,
        "fish_level": 13,
        "name": "Zombie Finger",
        "description": null,
        "reddit_link": "https://www.reddit.com/r/deeeepioskins/comments/xceln2/worm_zombie_finger_0c/?utm_source=share&utm_medium=web2x&context=3",
        "category": "season",
        "season": "hallooween",
        "on_sale": true,
        "price": 0,
        "sales": 6370,
        "usable": true,
        "reviewed": true,
        "approved": true,
        "rejected": false,
        "user_id": 719313,
        "attributes": null,
        "beta": false,
        "upcoming": false,
        "user": {
          "id": 719313,
          "username": "requiemm",
          "description": "",
          "about": "artist",
          "team_id": null,
          "team_role": null,
          "date_created": "2020-04-01T05:15:30.000Z",
          "date_last_played": "2025-04-18T13:24:32.000Z",
          "kill_count": 11606,
          "play_count": 5153,
          "highest_score": 5630329,
          "picture": "719313-bc2afdd5270bae271ddb101106998898d2.png",
          "displayPicture": true,
          "active": true,
          "ban_message": null,
          "ban_at": null,
          "coins": 750,
          "tier": 7,
          "xp": 640950,
          "migrated": false,
          "verified": false,
          "beta": false
        }
      },
      {
        "id": 12717,
        "version": 2,
        "asset": "12717-2.png",
        "created_at": "2023-07-15T17:13:02.000Z",
        "updated_at": "2023-10-30T23:10:02.000Z",
        "deleted_at": null,
        "depends_id": null,
        "designer_id": null,
        "fish_level": 115,
        "name": "Freddy FringeHead",
        "description": null,
        "reddit_link": "https://www.reddit.com/r/deeeepioskins/comments/xd0erh/sarcasticfringehead_freddy_0c/?utm_source=share&utm_medium=web2x&context=3",
        "category": "season",
        "season": "hallooween",
        "on_sale": true,
        "price": 0,
        "sales": 2024,
        "usable": true,
        "reviewed": true,
        "approved": true,
        "rejected": false,
        "user_id": 719313,
        "attributes": null,
        "beta": false,
        "upcoming": false,
        "user": {
          "id": 719313,
          "username": "requiemm",
          "description": "",
          "about": "artist",
          "team_id": null,
          "team_role": null,
          "date_created": "2020-04-01T05:15:30.000Z",
          "date_last_played": "2025-04-18T13:24:32.000Z",
          "kill_count": 11606,
          "play_count": 5153,
          "highest_score": 5630329,
          "picture": "719313-bc2afdd5270bae271ddb101106998898d2.png",
          "displayPicture": true,
          "active": true,
          "ban_message": null,
          "ban_at": null,
          "coins": 750,
          "tier": 7,
          "xp": 640950,
          "migrated": false,
          "verified": false,
          "beta": false
        }
      },
      {
        "id": 12724,
        "version": 1,
        "asset": "12724-1.png",
        "created_at": "2022-09-14T04:32:14.000Z",
        "updated_at": "2022-10-30T19:10:02.000Z",
        "deleted_at": null,
        "depends_id": null,
        "designer_id": null,
        "fish_level": 19,
        "name": "Alien Turtle",
        "description": null,
        "reddit_link": "https://www.reddit.com/r/deeeepioskins/comments/xdsg5o/sea_turtle_alien_turtle_0c/?utm_source=share&utm_medium=web2x&context=3",
        "category": "season",
        "season": "hallooween",
        "on_sale": true,
        "price": 0,
        "sales": 8352,
        "usable": true,
        "reviewed": true,
        "approved": true,
        "rejected": false,
        "user_id": 719313,
        "attributes": null,
        "beta": false,
        "upcoming": false,
        "user": {
          "id": 719313,
          "username": "requiemm",
          "description": "",
          "about": "artist",
          "team_id": null,
          "team_role": null,
          "date_created": "2020-04-01T05:15:30.000Z",
          "date_last_played": "2025-04-18T13:24:32.000Z",
          "kill_count": 11606,
          "play_count": 5153,
          "highest_score": 5630329,
          "picture": "719313-bc2afdd5270bae271ddb101106998898d2.png",
          "displayPicture": true,
          "active": true,
          "ban_message": null,
          "ban_at": null,
          "coins": 750,
          "tier": 7,
          "xp": 640950,
          "migrated": false,
          "verified": false,
          "beta": false
        }
      },
      {
        "id": 12731,
        "version": 1,
        "asset": "12731-1.png",
        "created_at": "2022-09-15T03:49:37.000Z",
        "updated_at": "2022-10-30T19:10:02.000Z",
        "deleted_at": null,
        "depends_id": null,
        "designer_id": null,
        "fish_level": 34,
        "name": "Clown Crocodile",
        "description": "- And the ball? I have red and green and yellow and blue...\n- Do they fly?\n\"They're flying, Georgie,\" IT growled, \"they're flying, and when you get down here\nwith me, you will fly too.",
        "reddit_link": "https://www.reddit.com/r/deeeepioskins/comments/xem93u/crocodile_clown_crocodile_0c/?utm_source=share&utm_medium=web2x&context=3",
        "category": "season",
        "season": "hallooween",
        "on_sale": true,
        "price": 0,
        "sales": 7213,
        "usable": true,
        "reviewed": true,
        "approved": true,
        "rejected": false,
        "user_id": 719313,
        "attributes": null,
        "beta": false,
        "upcoming": false,
        "user": {
          "id": 719313,
          "username": "requiemm",
          "description": "",
          "about": "artist",
          "team_id": null,
          "team_role": null,
          "date_created": "2020-04-01T05:15:30.000Z",
          "date_last_played": "2025-04-18T13:24:32.000Z",
          "kill_count": 11606,
          "play_count": 5153,
          "highest_score": 5630329,
          "picture": "719313-bc2afdd5270bae271ddb101106998898d2.png",
          "displayPicture": true,
          "active": true,
          "ban_message": null,
          "ban_at": null,
          "coins": 750,
          "tier": 7,
          "xp": 640950,
          "migrated": false,
          "verified": false,
          "beta": false
        }
      },
      {
        "id": 12732,
        "version": 1,
        "asset": "12732-1.png",
        "created_at": "2022-09-15T04:01:48.000Z",
        "updated_at": "2022-10-30T19:10:02.000Z",
        "deleted_at": null,
        "depends_id": null,
        "designer_id": null,
        "fish_level": 61,
        "name": "summerween",
        "description": null,
        "reddit_link": "https://www.reddit.com/r/deeeepioskins/comments/xemk96/goblin_shark_summerween_0c/?utm_source=share&utm_medium=web2x&context=3",
        "category": "season",
        "season": "hallooween",
        "on_sale": true,
        "price": 0,
        "sales": 6593,
        "usable": true,
        "reviewed": true,
        "approved": true,
        "rejected": false,
        "user_id": 719313,
        "attributes": null,
        "beta": false,
        "upcoming": false,
        "user": {
          "id": 719313,
          "username": "requiemm",
          "description": "",
          "about": "artist",
          "team_id": null,
          "team_role": null,
          "date_created": "2020-04-01T05:15:30.000Z",
          "date_last_played": "2025-04-18T13:24:32.000Z",
          "kill_count": 11606,
          "play_count": 5153,
          "highest_score": 5630329,
          "picture": "719313-bc2afdd5270bae271ddb101106998898d2.png",
          "displayPicture": true,
          "active": true,
          "ban_message": null,
          "ban_at": null,
          "coins": 750,
          "tier": 7,
          "xp": 640950,
          "migrated": false,
          "verified": false,
          "beta": false
        }
      },
      {
        "id": 12733,
        "version": 1,
        "asset": "12733-1.png",
        "created_at": "2022-09-15T07:45:40.000Z",
        "updated_at": "2022-10-30T19:10:02.000Z",
        "deleted_at": null,
        "depends_id": null,
        "designer_id": null,
        "fish_level": 106,
        "name": "Cthulhu",
        "description": null,
        "reddit_link": "https://www.reddit.com/r/deeeepioskins/comments/xeqkq2/giant_pacific_octopus_cthulhu_0c/?utm_source=share&utm_medium=web2x&context=3",
        "category": "season",
        "season": "hallooween",
        "on_sale": true,
        "price": 0,
        "sales": 10527,
        "usable": true,
        "reviewed": true,
        "approved": true,
        "rejected": false,
        "user_id": 719313,
        "attributes": null,
        "beta": false,
        "upcoming": false,
        "user": {
          "id": 719313,
          "username": "requiemm",
          "description": "",
          "about": "artist",
          "team_id": null,
          "team_role": null,
          "date_created": "2020-04-01T05:15:30.000Z",
          "date_last_played": "2025-04-18T13:24:32.000Z",
          "kill_count": 11606,
          "play_count": 5153,
          "highest_score": 5630329,
          "picture": "719313-bc2afdd5270bae271ddb101106998898d2.png",
          "displayPicture": true,
          "active": true,
          "ban_message": null,
          "ban_at": null,
          "coins": 750,
          "tier": 7,
          "xp": 640950,
          "migrated": false,
          "verified": false,
          "beta": false
        }
      },
      {
        "id": 12823,
        "version": 1,
        "asset": "12823-1.png",
        "created_at": "2022-09-22T03:17:02.000Z",
        "updated_at": "2022-10-30T19:10:03.000Z",
        "deleted_at": null,
        "depends_id": null,
        "designer_id": null,
        "fish_level": 25,
        "name": "Chuck E. Cheese Bear",
        "description": null,
        "reddit_link": "https://www.reddit.com/r/deeeepioskins/comments/xkptt5/polar_bear_chuck_e_cheese_bear_0c/?utm_source=share&utm_medium=web2x&context=3",
        "category": "season",
        "season": "hallooween",
        "on_sale": true,
        "price": 0,
        "sales": 8315,
        "usable": true,
        "reviewed": true,
        "approved": true,
        "rejected": false,
        "user_id": 719313,
        "attributes": null,
        "beta": false,
        "upcoming": false,
        "user": {
          "id": 719313,
          "username": "requiemm",
          "description": "",
          "about": "artist",
          "team_id": null,
          "team_role": null,
          "date_created": "2020-04-01T05:15:30.000Z",
          "date_last_played": "2025-04-18T13:24:32.000Z",
          "kill_count": 11606,
          "play_count": 5153,
          "highest_score": 5630329,
          "picture": "719313-bc2afdd5270bae271ddb101106998898d2.png",
          "displayPicture": true,
          "active": true,
          "ban_message": null,
          "ban_at": null,
          "coins": 750,
          "tier": 7,
          "xp": 640950,
          "migrated": false,
          "verified": false,
          "beta": false
        }
      },
      {
        "id": 12873,
        "version": 1,
        "asset": "12873-1.png",
        "created_at": "2022-09-26T03:43:02.000Z",
        "updated_at": "2022-10-30T19:10:03.000Z",
        "deleted_at": null,
        "depends_id": null,
        "designer_id": null,
        "fish_level": 111,
        "name": "Mafia Halibut",
        "description": "he smokes",
        "reddit_link": "https://www.reddit.com/r/deeeepioskins/comments/xo8348/halibut_mafia_halibut_0c/?utm_source=share&utm_medium=web2x&context=3",
        "category": "season",
        "season": "hallooween",
        "on_sale": true,
        "price": 0,
        "sales": 6447,
        "usable": true,
        "reviewed": true,
        "approved": true,
        "rejected": false,
        "user_id": 719313,
        "attributes": null,
        "beta": false,
        "upcoming": false,
        "user": {
          "id": 719313,
          "username": "requiemm",
          "description": "",
          "about": "artist",
          "team_id": null,
          "team_role": null,
          "date_created": "2020-04-01T05:15:30.000Z",
          "date_last_played": "2025-04-18T13:24:32.000Z",
          "kill_count": 11606,
          "play_count": 5153,
          "highest_score": 5630329,
          "picture": "719313-bc2afdd5270bae271ddb101106998898d2.png",
          "displayPicture": true,
          "active": true,
          "ban_message": null,
          "ban_at": null,
          "coins": 750,
          "tier": 7,
          "xp": 640950,
          "migrated": false,
          "verified": false,
          "beta": false
        }
      },
      {
        "id": 12910,
        "version": 2,
        "asset": "12910-2.png",
        "created_at": "2022-09-30T04:46:02.000Z",
        "updated_at": "2023-12-17T16:10:04.000Z",
        "deleted_at": null,
        "depends_id": null,
        "designer_id": null,
        "fish_level": 74,
        "name": "Flatwoods monster",
        "description": null,
        "reddit_link": "https://www.reddit.com/r/deeeepioskins/comments/xr027e/mantis_shrimp_flatwoods_monster/?utm_source=share&utm_medium=web2x&context=3",
        "category": "unrealistic",
        "season": null,
        "on_sale": true,
        "price": 5,
        "sales": 98,
        "usable": true,
        "reviewed": true,
        "approved": true,
        "rejected": false,
        "user_id": 719313,
        "attributes": null,
        "beta": false,
        "upcoming": false,
        "user": {
          "id": 719313,
          "username": "requiemm",
          "description": "",
          "about": "artist",
          "team_id": null,
          "team_role": null,
          "date_created": "2020-04-01T05:15:30.000Z",
          "date_last_played": "2025-04-18T13:24:32.000Z",
          "kill_count": 11606,
          "play_count": 5153,
          "highest_score": 5630329,
          "picture": "719313-bc2afdd5270bae271ddb101106998898d2.png",
          "displayPicture": true,
          "active": true,
          "ban_message": null,
          "ban_at": null,
          "coins": 750,
          "tier": 7,
          "xp": 640950,
          "migrated": false,
          "verified": false,
          "beta": false
        }
      },
      {
        "id": 13084,
        "version": 1,
        "asset": "13084-1.png",
        "created_at": "2022-10-14T05:13:37.000Z",
        "updated_at": "2022-10-30T19:10:04.000Z",
        "deleted_at": null,
        "depends_id": null,
        "designer_id": null,
        "fish_level": 1,
        "name": "Crabfather's Clock",
        "description": "Collaboration with Leastears (u/Aggressive-Milk539) & Ftyk (u/Ansarjan). hmm, this watch is still in good condition",
        "reddit_link": "https://www.reddit.com/r/deeeepioskins/comments/y31n5h/halloween_skins/?utm_source=share&utm_medium=android_app&utm_name=androidcss&utm_term=1&utm_content=share_button",
        "category": "season",
        "season": "hallooween",
        "on_sale": true,
        "price": 0,
        "sales": 6600,
        "usable": true,
        "reviewed": true,
        "approved": true,
        "rejected": false,
        "user_id": 719313,
        "attributes": null,
        "beta": false,
        "upcoming": false,
        "user": {
          "id": 719313,
          "username": "requiemm",
          "description": "",
          "about": "artist",
          "team_id": null,
          "team_role": null,
          "date_created": "2020-04-01T05:15:30.000Z",
          "date_last_played": "2025-04-18T13:24:32.000Z",
          "kill_count": 11606,
          "play_count": 5153,
          "highest_score": 5630329,
          "picture": "719313-bc2afdd5270bae271ddb101106998898d2.png",
          "displayPicture": true,
          "active": true,
          "ban_message": null,
          "ban_at": null,
          "coins": 750,
          "tier": 7,
          "xp": 640950,
          "migrated": false,
          "verified": false,
          "beta": false
        }
      },
      {
        "id": 13085,
        "version": 1,
        "asset": "13085-1.png",
        "created_at": "2022-10-14T05:17:21.000Z",
        "updated_at": "2022-10-30T19:10:04.000Z",
        "deleted_at": null,
        "depends_id": null,
        "designer_id": null,
        "fish_level": 107,
        "name": "Copper-Hatted Whale",
        "description": "Collaboration with Leastears (u/Aggressive-Milk539) & Ftyk (u/Ansarjan)",
        "reddit_link": "https://www.reddit.com/r/deeeepioskins/comments/y31n5h/halloween_skins/?utm_source=share&utm_medium=android_app&utm_name=androidcss&utm_term=1&utm_content=share_button",
        "category": "season",
        "season": "hallooween",
        "on_sale": true,
        "price": 0,
        "sales": 7278,
        "usable": true,
        "reviewed": true,
        "approved": true,
        "rejected": false,
        "user_id": 719313,
        "attributes": null,
        "beta": false,
        "upcoming": false,
        "user": {
          "id": 719313,
          "username": "requiemm",
          "description": "",
          "about": "artist",
          "team_id": null,
          "team_role": null,
          "date_created": "2020-04-01T05:15:30.000Z",
          "date_last_played": "2025-04-18T13:24:32.000Z",
          "kill_count": 11606,
          "play_count": 5153,
          "highest_score": 5630329,
          "picture": "719313-bc2afdd5270bae271ddb101106998898d2.png",
          "displayPicture": true,
          "active": true,
          "ban_message": null,
          "ban_at": null,
          "coins": 750,
          "tier": 7,
          "xp": 640950,
          "migrated": false,
          "verified": false,
          "beta": false
        }
      },
      {
        "id": 13086,
        "version": 1,
        "asset": "13086-1.png",
        "created_at": "2022-10-14T05:19:31.000Z",
        "updated_at": "2022-10-30T19:10:04.000Z",
        "deleted_at": null,
        "depends_id": null,
        "designer_id": null,
        "fish_level": 15,
        "name": "Hellhound Seal",
        "description": "Collaboration with Leastears (u/Aggressive-Milk539) & Ftyk (u/Ansarjan)",
        "reddit_link": "https://www.reddit.com/r/deeeepioskins/comments/y31n5h/halloween_skins/?utm_source=share&utm_medium=android_app&utm_name=androidcss&utm_term=1&utm_content=share_button",
        "category": "season",
        "season": "hallooween",
        "on_sale": true,
        "price": 0,
        "sales": 8895,
        "usable": true,
        "reviewed": true,
        "approved": true,
        "rejected": false,
        "user_id": 719313,
        "attributes": null,
        "beta": false,
        "upcoming": false,
        "user": {
          "id": 719313,
          "username": "requiemm",
          "description": "",
          "about": "artist",
          "team_id": null,
          "team_role": null,
          "date_created": "2020-04-01T05:15:30.000Z",
          "date_last_played": "2025-04-18T13:24:32.000Z",
          "kill_count": 11606,
          "play_count": 5153,
          "highest_score": 5630329,
          "picture": "719313-bc2afdd5270bae271ddb101106998898d2.png",
          "displayPicture": true,
          "active": true,
          "ban_message": null,
          "ban_at": null,
          "coins": 750,
          "tier": 7,
          "xp": 640950,
          "migrated": false,
          "verified": false,
          "beta": false
        }
      },
      {
        "id": 13087,
        "version": 1,
        "asset": "13087-1.png",
        "created_at": "2022-10-14T05:23:13.000Z",
        "updated_at": "2022-10-30T19:10:04.000Z",
        "deleted_at": null,
        "depends_id": null,
        "designer_id": null,
        "fish_level": 104,
        "name": "Fishhunter Shark",
        "description": "Collaboration with Leastears (u/Aggressive-Milk539) & Ftyk (u/Ansarjan)",
        "reddit_link": "https://www.reddit.com/r/deeeepioskins/comments/y31n5h/halloween_skins/?utm_source=share&utm_medium=android_app&utm_name=androidcss&utm_term=1&utm_content=share_button",
        "category": "season",
        "season": "hallooween",
        "on_sale": true,
        "price": 0,
        "sales": 7542,
        "usable": true,
        "reviewed": true,
        "approved": true,
        "rejected": false,
        "user_id": 719313,
        "attributes": null,
        "beta": false,
        "upcoming": false,
        "user": {
          "id": 719313,
          "username": "requiemm",
          "description": "",
          "about": "artist",
          "team_id": null,
          "team_role": null,
          "date_created": "2020-04-01T05:15:30.000Z",
          "date_last_played": "2025-04-18T13:24:32.000Z",
          "kill_count": 11606,
          "play_count": 5153,
          "highest_score": 5630329,
          "picture": "719313-bc2afdd5270bae271ddb101106998898d2.png",
          "displayPicture": true,
          "active": true,
          "ban_message": null,
          "ban_at": null,
          "coins": 750,
          "tier": 7,
          "xp": 640950,
          "migrated": false,
          "verified": false,
          "beta": false
        }
      },
      {
        "id": 13088,
        "version": 1,
        "asset": "13088-1.png",
        "created_at": "2022-10-14T05:29:17.000Z",
        "updated_at": "2022-10-30T19:10:04.000Z",
        "deleted_at": null,
        "depends_id": null,
        "designer_id": null,
        "fish_level": 94,
        "name": "Skeleton Otter",
        "description": "Collaboration with Leastears (u/Aggressive-Milk539) & Ftyk (u/Ansarjan)",
        "reddit_link": "https://www.reddit.com/r/deeeepioskins/comments/y31n5h/halloween_skins/?utm_source=share&utm_medium=android_app&utm_name=androidcss&utm_term=1&utm_content=share_button",
        "category": "season",
        "season": "hallooween",
        "on_sale": true,
        "price": 0,
        "sales": 6055,
        "usable": true,
        "reviewed": true,
        "approved": true,
        "rejected": false,
        "user_id": 719313,
        "attributes": null,
        "beta": false,
        "upcoming": false,
        "user": {
          "id": 719313,
          "username": "requiemm",
          "description": "",
          "about": "artist",
          "team_id": null,
          "team_role": null,
          "date_created": "2020-04-01T05:15:30.000Z",
          "date_last_played": "2025-04-18T13:24:32.000Z",
          "kill_count": 11606,
          "play_count": 5153,
          "highest_score": 5630329,
          "picture": "719313-bc2afdd5270bae271ddb101106998898d2.png",
          "displayPicture": true,
          "active": true,
          "ban_message": null,
          "ban_at": null,
          "coins": 750,
          "tier": 7,
          "xp": 640950,
          "migrated": false,
          "verified": false,
          "beta": false
        }
      },
      {
        "id": 13089,
        "version": 1,
        "asset": "13089-1.png",
        "created_at": "2022-10-14T05:31:45.000Z",
        "updated_at": "2022-10-30T19:10:04.000Z",
        "deleted_at": null,
        "depends_id": null,
        "designer_id": null,
        "fish_level": 116,
        "name": "Mummy Parottfish",
        "description": "Collaboration with Leastears (u/Aggressive-Milk539) & Ftyk (u/Ansarjan)",
        "reddit_link": "https://www.reddit.com/r/deeeepioskins/comments/y31n5h/halloween_skins/?utm_source=share&utm_medium=android_app&utm_name=androidcss&utm_term=1&utm_content=share_button reddit",
        "category": "season",
        "season": "hallooween",
        "on_sale": true,
        "price": 0,
        "sales": 5732,
        "usable": true,
        "reviewed": true,
        "approved": true,
        "rejected": false,
        "user_id": 719313,
        "attributes": null,
        "beta": false,
        "upcoming": false,
        "user": {
          "id": 719313,
          "username": "requiemm",
          "description": "",
          "about": "artist",
          "team_id": null,
          "team_role": null,
          "date_created": "2020-04-01T05:15:30.000Z",
          "date_last_played": "2025-04-18T13:24:32.000Z",
          "kill_count": 11606,
          "play_count": 5153,
          "highest_score": 5630329,
          "picture": "719313-bc2afdd5270bae271ddb101106998898d2.png",
          "displayPicture": true,
          "active": true,
          "ban_message": null,
          "ban_at": null,
          "coins": 750,
          "tier": 7,
          "xp": 640950,
          "migrated": false,
          "verified": false,
          "beta": false
        }
      },
      {
        "id": 13090,
        "version": 1,
        "asset": "13090-1.png",
        "created_at": "2022-10-14T05:33:56.000Z",
        "updated_at": "2022-10-30T19:10:04.000Z",
        "deleted_at": null,
        "depends_id": null,
        "designer_id": null,
        "fish_level": 97,
        "name": "Pot Monster",
        "description": "Collaboration with Leastears (u/Aggressive-Milk539) & Ftyk (u/Ansarjan)",
        "reddit_link": "https://www.reddit.com/r/deeeepioskins/comments/y31n5h/halloween_skins/?utm_source=share&utm_medium=android_app&utm_name=androidcss&utm_term=1&utm_content=share_button reddit",
        "category": "season",
        "season": "hallooween",
        "on_sale": true,
        "price": 0,
        "sales": 7663,
        "usable": true,
        "reviewed": true,
        "approved": true,
        "rejected": false,
        "user_id": 719313,
        "attributes": null,
        "beta": false,
        "upcoming": false,
        "user": {
          "id": 719313,
          "username": "requiemm",
          "description": "",
          "about": "artist",
          "team_id": null,
          "team_role": null,
          "date_created": "2020-04-01T05:15:30.000Z",
          "date_last_played": "2025-04-18T13:24:32.000Z",
          "kill_count": 11606,
          "play_count": 5153,
          "highest_score": 5630329,
          "picture": "719313-bc2afdd5270bae271ddb101106998898d2.png",
          "displayPicture": true,
          "active": true,
          "ban_message": null,
          "ban_at": null,
          "coins": 750,
          "tier": 7,
          "xp": 640950,
          "migrated": false,
          "verified": false,
          "beta": false
        }
      },
      {
        "id": 13091,
        "version": 1,
        "asset": "13091-1.png",
        "created_at": "2022-10-14T05:37:37.000Z",
        "updated_at": "2022-10-30T19:10:04.000Z",
        "deleted_at": null,
        "depends_id": null,
        "designer_id": null,
        "fish_level": 56,
        "name": "Scarecrowfish",
        "description": "Collaboration with Leastears (u/Aggressive-Milk539) & Ftyk (u/Ansarjan)",
        "reddit_link": "https://www.reddit.com/r/deeeepioskins/comments/y31n5h/halloween_skins/?utm_source=share&utm_medium=android_app&utm_name=androidcss&utm_term=1&utm_content=share_button",
        "category": "season",
        "season": "hallooween",
        "on_sale": true,
        "price": 0,
        "sales": 10350,
        "usable": true,
        "reviewed": true,
        "approved": true,
        "rejected": false,
        "user_id": 719313,
        "attributes": null,
        "beta": false,
        "upcoming": false,
        "user": {
          "id": 719313,
          "username": "requiemm",
          "description": "",
          "about": "artist",
          "team_id": null,
          "team_role": null,
          "date_created": "2020-04-01T05:15:30.000Z",
          "date_last_played": "2025-04-18T13:24:32.000Z",
          "kill_count": 11606,
          "play_count": 5153,
          "highest_score": 5630329,
          "picture": "719313-bc2afdd5270bae271ddb101106998898d2.png",
          "displayPicture": true,
          "active": true,
          "ban_message": null,
          "ban_at": null,
          "coins": 750,
          "tier": 7,
          "xp": 640950,
          "migrated": false,
          "verified": false,
          "beta": false
        }
      },
      {
        "id": 13093,
        "version": 1,
        "asset": "13093-1.png",
        "created_at": "2022-10-14T05:40:02.000Z",
        "updated_at": "2022-10-30T19:10:04.000Z",
        "deleted_at": null,
        "depends_id": null,
        "designer_id": null,
        "fish_level": 114,
        "name": "Undead Cookie Cutter",
        "description": "Collaboration with Leastears (u/Aggressive-Milk539) & Ftyk (u/Ansarjan)",
        "reddit_link": "https://www.reddit.com/r/deeeepioskins/comments/y31n5h/halloween_skins/?utm_source=share&utm_medium=android_app&utm_name=androidcss&utm_term=1&utm_content=share_button",
        "category": "season",
        "season": "hallooween",
        "on_sale": true,
        "price": 0,
        "sales": 7333,
        "usable": true,
        "reviewed": true,
        "approved": true,
        "rejected": false,
        "user_id": 719313,
        "attributes": null,
        "beta": false,
        "upcoming": false,
        "user": {
          "id": 719313,
          "username": "requiemm",
          "description": "",
          "about": "artist",
          "team_id": null,
          "team_role": null,
          "date_created": "2020-04-01T05:15:30.000Z",
          "date_last_played": "2025-04-18T13:24:32.000Z",
          "kill_count": 11606,
          "play_count": 5153,
          "highest_score": 5630329,
          "picture": "719313-bc2afdd5270bae271ddb101106998898d2.png",
          "displayPicture": true,
          "active": true,
          "ban_message": null,
          "ban_at": null,
          "coins": 750,
          "tier": 7,
          "xp": 640950,
          "migrated": false,
          "verified": false,
          "beta": false
        }
      },
      {
        "id": 16293,
        "version": 1,
        "asset": "16293-1.png",
        "created_at": "2022-12-23T09:53:32.000Z",
        "updated_at": "2023-01-03T01:10:02.000Z",
        "deleted_at": null,
        "depends_id": null,
        "designer_id": null,
        "fish_level": 68,
        "name": "Scarfyconda",
        "description": "This cute) UwU",
        "reddit_link": "https://www.reddit.com/r/deeeepioskins/comments/ztbji0/anaconda_scrafyconda_0c/?utm_source=share&utm_medium=web2x&context=3",
        "category": "season",
        "season": "christmas",
        "on_sale": true,
        "price": 0,
        "sales": 5444,
        "usable": true,
        "reviewed": true,
        "approved": true,
        "rejected": false,
        "user_id": 719313,
        "attributes": null,
        "beta": false,
        "upcoming": false,
        "user": {
          "id": 719313,
          "username": "requiemm",
          "description": "",
          "about": "artist",
          "team_id": null,
          "team_role": null,
          "date_created": "2020-04-01T05:15:30.000Z",
          "date_last_played": "2025-04-18T13:24:32.000Z",
          "kill_count": 11606,
          "play_count": 5153,
          "highest_score": 5630329,
          "picture": "719313-bc2afdd5270bae271ddb101106998898d2.png",
          "displayPicture": true,
          "active": true,
          "ban_message": null,
          "ban_at": null,
          "coins": 750,
          "tier": 7,
          "xp": 640950,
          "migrated": false,
          "verified": false,
          "beta": false
        }
      },
      {
        "id": 16306,
        "version": 1,
        "asset": "16306-1.png",
        "created_at": "2022-12-24T06:14:43.000Z",
        "updated_at": "2023-12-27T00:10:03.000Z",
        "deleted_at": null,
        "depends_id": null,
        "designer_id": null,
        "fish_level": 14,
        "name": "Shampagne Fish",
        "description": "You know... my treat.",
        "reddit_link": "https://www.reddit.com/r/deeeepioskins/comments/zu3gc9/angler_fish_shampagne_fish_0c/?utm_source=share&utm_medium=web2x&context=3",
        "category": "season",
        "season": "christmas",
        "on_sale": true,
        "price": 0,
        "sales": 2636,
        "usable": true,
        "reviewed": true,
        "approved": true,
        "rejected": false,
        "user_id": 719313,
        "attributes": null,
        "beta": false,
        "upcoming": false,
        "user": {
          "id": 719313,
          "username": "requiemm",
          "description": "",
          "about": "artist",
          "team_id": null,
          "team_role": null,
          "date_created": "2020-04-01T05:15:30.000Z",
          "date_last_played": "2025-04-18T13:24:32.000Z",
          "kill_count": 11606,
          "play_count": 5153,
          "highest_score": 5630329,
          "picture": "719313-bc2afdd5270bae271ddb101106998898d2.png",
          "displayPicture": true,
          "active": true,
          "ban_message": null,
          "ban_at": null,
          "coins": 750,
          "tier": 7,
          "xp": 640950,
          "migrated": false,
          "verified": false,
          "beta": false
        }
      },
      {
        "id": 22078,
        "version": 2,
        "asset": "22078-2.png",
        "created_at": "2023-07-02T05:34:36.000Z",
        "updated_at": "2023-08-14T16:10:05.000Z",
        "deleted_at": null,
        "depends_id": null,
        "designer_id": null,
        "fish_level": 5,
        "name": "Large Spotted Ray",
        "description": null,
        "reddit_link": "https://www.reddit.com/r/deeeepioskins/comments/14m1da9/ray_large_spotted_ray_75c/?utm_source=share&utm_medium=web2x&context=3",
        "category": "real",
        "season": null,
        "on_sale": true,
        "price": 20,
        "sales": 865,
        "usable": true,
        "reviewed": true,
        "approved": true,
        "rejected": false,
        "user_id": 719313,
        "attributes": null,
        "beta": false,
        "upcoming": false,
        "user": {
          "id": 719313,
          "username": "requiemm",
          "description": "",
          "about": "artist",
          "team_id": null,
          "team_role": null,
          "date_created": "2020-04-01T05:15:30.000Z",
          "date_last_played": "2025-04-18T13:24:32.000Z",
          "kill_count": 11606,
          "play_count": 5153,
          "highest_score": 5630329,
          "picture": "719313-bc2afdd5270bae271ddb101106998898d2.png",
          "displayPicture": true,
          "active": true,
          "ban_message": null,
          "ban_at": null,
          "coins": 750,
          "tier": 7,
          "xp": 640950,
          "migrated": false,
          "verified": false,
          "beta": false
        }
      },
      {
        "id": 22989,
        "version": 1,
        "asset": "22989-1.png",
        "created_at": "2023-10-26T17:12:00.000Z",
        "updated_at": "2024-11-12T19:10:09.000Z",
        "deleted_at": null,
        "depends_id": null,
        "designer_id": null,
        "fish_level": 14,
        "name": "Angler Coffin",
        "description": "Hello myhailot, ftyk, LeasTears, tacoco,VL, and me",
        "reddit_link": "https://www.reddit.com/r/deeeepioskins/comments/17h1bez/angler_fish_angler_coffin_0c/?utm_source=share&utm_medium=web2x&context=3",
        "category": "season",
        "season": "hallooween",
        "on_sale": true,
        "price": 0,
        "sales": 1887,
        "usable": true,
        "reviewed": true,
        "approved": true,
        "rejected": false,
        "user_id": 719313,
        "attributes": null,
        "beta": false,
        "upcoming": false,
        "user": {
          "id": 719313,
          "username": "requiemm",
          "description": "",
          "about": "artist",
          "team_id": null,
          "team_role": null,
          "date_created": "2020-04-01T05:15:30.000Z",
          "date_last_played": "2025-04-18T13:24:32.000Z",
          "kill_count": 11606,
          "play_count": 5153,
          "highest_score": 5630329,
          "picture": "719313-bc2afdd5270bae271ddb101106998898d2.png",
          "displayPicture": true,
          "active": true,
          "ban_message": null,
          "ban_at": null,
          "coins": 750,
          "tier": 7,
          "xp": 640950,
          "migrated": false,
          "verified": false,
          "beta": false
        }
      },
      {
        "id": 25189,
        "version": 1,
        "asset": "25189-1-0a3c0cff-c404-43b3-89ae-6929ffe0199e.png",
        "created_at": "2024-07-18T18:18:15.000Z",
        "updated_at": "2024-08-19T02:10:49.000Z",
        "deleted_at": null,
        "depends_id": null,
        "designer_id": null,
        "fish_level": 100,
        "name": "Pyromaniac Turtle",
        "description": "Leatherback turtles can eat pyrosomes (thanks u/TacoMadeOfCoco for idea and picture)",
        "reddit_link": "https://www.reddit.com/r/deeeepioskins/comments/1e6i153/leatherback_turtle_pyromaniac_turtle_175c/?utm_source=share&utm_medium=web3x&utm_name=web3xcss&utm_term=1&utm_content=share_button",
        "category": "real",
        "season": null,
        "on_sale": true,
        "price": 175,
        "sales": 281,
        "usable": true,
        "reviewed": true,
        "approved": true,
        "rejected": false,
        "user_id": 719313,
        "attributes": null,
        "beta": false,
        "upcoming": false,
        "user": {
          "id": 719313,
          "username": "requiemm",
          "description": "",
          "about": "artist",
          "team_id": null,
          "team_role": null,
          "date_created": "2020-04-01T05:15:30.000Z",
          "date_last_played": "2025-04-18T13:24:32.000Z",
          "kill_count": 11606,
          "play_count": 5153,
          "highest_score": 5630329,
          "picture": "719313-bc2afdd5270bae271ddb101106998898d2.png",
          "displayPicture": true,
          "active": true,
          "ban_message": null,
          "ban_at": null,
          "coins": 750,
          "tier": 7,
          "xp": 640950,
          "migrated": false,
          "verified": false,
          "beta": false
        }
      }
    ]
  },
  "archived_at": "2025-06-16T17:45:40.355Z"
}